<?xml version="1.0" encoding="UTF-8"?><collection xmlns="http://www.loc.gov/MARC21/slim"><record><leader>00491nam--2200145-i-4500</leader><controlfield tag="001">000012771</controlfield><controlfield tag="002">20161230</controlfield><controlfield tag="005">20161230201030</controlfield><controlfield tag="008">060222s1000------------r-----000-0-eng-d</controlfield><datafield ind1=" " ind2=" " tag="080"><subfield code="a">512.552.242(043)</subfield></datafield><datafield ind1=" " ind2=" " tag="100"><subfield code="a">Cauchon, Gerard</subfield></datafield><datafield ind1=" " ind2=" " tag="245"><subfield code="a">Les t-anneaux et les anneaux a identites polynomiales noetherienes. 2. sur les representations irreductibles des groupes de lie nilpotents. thesis</subfield></datafield><datafield ind1=" " ind2=" " tag="260"><subfield code="a">Orsay, Univ. Paris , 1977. P.Dif</subfield></datafield><datafield ind1=" " ind2=" " tag="852"><subfield code="a">46366</subfield><subfield code="c">512</subfield></datafield><datafield ind1=" " ind2=" " tag="CAT"><subfield code="a">Sys</subfield><subfield code="c">20080513</subfield><subfield code="h">142627</subfield></datafield></record></collection>